<record xmlns:xsi="http://www.w3.org/2001/XMLSchema-instance" xmlns="http://www.loc.gov/MARC21/slim" xsi:schemaLocation="http://www.loc.gov/MARC21/slim http://www.loc.gov/standards/marcxml/schema/MARC21slim.xsd">

  <leader>00712nam a2200193   4500</leader>
  <controlfield tag="008">150925b2014    cr ||||| |||| 00| | spa d</controlfield>
  <datafield ind2=" " tag="090" ind1=" ">
    <subfield code="a">06.03.02 </subfield>
    <subfield code="b">2165 </subfield>
  </datafield>
  <datafield ind1="1" ind2="0" tag="245">
    <subfield code="a">Memoria institucional 2006-2014: La educación subversiva: atreverse a construir el país que queremos /</subfield>
  </datafield>
  <datafield tag="260" ind2=" " ind1=" ">
    <subfield code="a">[San José, Costa Rica] :</subfield>
    <subfield code="b">Ministerio de Educación Pública,</subfield>
    <subfield code="c">[2014?]</subfield>
  </datafield>
  <datafield ind1=" " ind2=" " tag="300">
    <subfield code="a">557 páginas;</subfield>
    <subfield code="b"> ilustraciones a color</subfield>
  </datafield>
  <datafield ind2="4" tag="650" ind1="1">
    <subfield code="9">11</subfield>
    <subfield code="a">CALIDAD DE LA EDUCACIÓN</subfield>
  </datafield>
  <datafield ind2="4" tag="650" ind1="1">
    <subfield code="9">1089</subfield>
    <subfield code="a">GESTIÓN EDUCATIVA</subfield>
  </datafield>
  <datafield ind1="1" tag="650" ind2="4">
    <subfield code="9">287</subfield>
    <subfield code="a">EVALUACIÓN </subfield>
  </datafield>
  <datafield tag="650" ind2="4" ind1="1">
    <subfield code="9">1</subfield>
    <subfield code="a">EDUCACIÓN</subfield>
  </datafield>
  <datafield ind1="1" ind2="4" tag="700">
    <subfield code="9">1090</subfield>
    <subfield code="a">Brenes Barahona, Amelia</subfield>
  </datafield>
  <datafield tag="700" ind2="4" ind1="1">
    <subfield code="9">1091</subfield>
    <subfield code="a">Barahona Carmona, Laura</subfield>
  </datafield>
  <datafield ind2="4" tag="700" ind1="1">
    <subfield code="9">1092</subfield>
    <subfield code="a">Mora Rodríguez, Jesús </subfield>
  </datafield>
  <datafield tag="942" ind2=" " ind1=" ">
    <subfield code="2">z</subfield>
    <subfield code="c">01</subfield>
  </datafield>
  <datafield ind1=" " ind2=" " tag="999">
    <subfield code="c">2896</subfield>
    <subfield code="d">2896</subfield>
  </datafield>
</record>